% @article{Ali2015,
% author = {Ali, Mohamed Kamal Ahmed and Xianjun, Hou},
% doi = {10.1515/ntrev-2015-0031},
% journal = {Nanotechnology Reviews},
% number = {4},
% pages = {347--358},
% title = {Improving the tribological behavior of internal combustion engines via the addition of nanoparticles to engine oils},
% volume = {4},
% year = {2015}
% }


